% Bibliografía de capítulo: Introducción.
@misc{bib:wiki_latex,
  title = {{LaTeX}},
  howpublished = {\url{https://es.wikipedia.org/wiki/LaTeX#Descripci%C3%B3n}},
  note = {{Accedido: 2020-11-26}}
}



% Bibliografía de capítulo: Lo básico.
@misc{bib:opciones_spanish,
  title = {Opciones de paquete de spanish},
  howpublished = {\url{http://www.texnia.com/spanishopt.html}},
  note = {{Accedido: 2020-12-05}}
}
@misc{bib:emph,
  title = {\textbackslash{}emph or \textbackslash{}textit},
  howpublished = {\url{https://tex.stackexchange.com/questions/1980/emph-or-textit}},
  note = {{Accedido: 2020-11-28}}
}
@misc{bib:overleaf_emph,
  title = {Bold, italics and underlining},
  howpublished = {\url{https://www.overleaf.com/learn/latex/bold,_italics_and_underlining}},
  note = {{Accedido: 2020-11-28}}
}
@misc{bib:quotes,
  title = {Straight quotes?},
  howpublished = {\url{https://tex.stackexchange.com/questions/52529/straight-quotes}},
  note = {{Accedido: 2020-11-28}}
}
@misc{bib:overleaf_lists,
  title = {Lists},
  howpublished = {\url{https://es.overleaf.com/learn/latex/Lists}},
  note = {{Accedido: 2020-11-29}}
}
@misc{bib:overleaf_sections,
  title = {{Sections and Chapters - Document Sectioning}},
  howpublished = {\url{https://www.overleaf.com/learn/latex/sections_and_chapters#Document_Sectioning}},
  note = {{Accedido: 2020-12-02}}
}



% Bibliografía de capítulo: Figuras.
@misc{bib:figures_float,
  title = {{How to influence the position of float environments like figure and table in LaTeX?}},
  author = {Frank Mittelbach},
  journal = {TUGboat},
  volume = {35},
  howpublished = {\url{https://www.latex-project.org/publications/2014-FMi-TUB-tb111mitt-float-placement.pdf}},
  note = {{Accedido: 2020-12-04}}
}
@misc{bib:float,
  title = {{An Improved Environment for Floats}},
  author = {Anselm Lingnau},
  howpublished = {\url{https://mirrors.concertpass.com/tex-archive/macros/latex/contrib/float/float.pdf}},
  note = {{Accedido: 2020-12-05}}
}
@misc{bib:overleaf_picture,
  title = {{Picture environment}},
  howpublished = {\url{https://www.overleaf.com/learn/latex/picture_environment}},
  note = {{Accedido: 2021-01-20}}
}
@misc{bib:picture_line,
  title = {{LaTeX/Picture}},
  howpublished = {\url{https://en.wikibooks.org/wiki/LaTeX/Picture#Line_segments}},
  note = {{Accedido: 2021-01-20}}
}
@misc{bib:ejemplos_tikz,
  title = {{Diagrams examples}},
  howpublished = {\url{https://texample.net/tikz/examples/tag/diagrams/}},
  note = {{Accedido: 2020-12-05}}
}
@misc{bib:overleaf_inserting_images,
  title = {{Inserting Images - The folder path to images}},
  howpublished = {\url{https://www.overleaf.com/learn/latex/Inserting_Images#The_folder_path_to_images}},
  note = {{Accedido: 2020-12-04}}
}
@misc{bib:package_graphicx,
  title = {{Using Imported Graphics in LaTeX and pdfLaTeX}},
  author = {Keith Reckdahl},
  howpublished = {\url{https://mirrors.concertpass.com/tex-archive/info/epslatex/english/epslatex.pdf}},
  note = {{Accedido: 2020-12-04}}
}
@misc{bib:stack_image_data,
  title = {{How to include picture in original size into document page on center?}},
  author = {Jake},
  howpublished = {\url{https://tex.stackexchange.com/a/10399}},
  note = {{Accedido: 2020-12-05}}
}
@misc{bib:overleaf_units,
  title = {{Lengths in LaTeX}},
  howpublished = {\url{https://www.overleaf.com/learn/latex/Lengths_in_LaTeX}},
  note = {{Accedido: 2020-12-05}}
}
@misc{bib:latex_lengths,
  title = {{LaTeX/Lengths}},
  howpublished = {\url{https://en.wikibooks.org/wiki/LaTeX/Lengths}},
  note = {{Accedido: 2020-12-05}}
}



% Bibliografía de capítulo: Tablas.
@misc{bib:multicol_multirow,
  title = {{Multi-column and multi-row cells in LaTeX tables}},
  howpublished = {\url{https://texblog.org/2012/12/21/multi-column-and-multi-row-cells-in-latex-tables/}},
  note = {{Accedido: 2020-12-15}}
}
@misc{bib:overleaf_tables,
  title = {Tables},
  howpublished = {\url{https://www.overleaf.com/learn/latex/tables}},
  note = {{Accedido: 2020-12-15}}
}



% Bibliografía de capítulo: Ecuaciones.
@misc{bib:math_symbols,
  title = {List of Greek letters and math symbols},
  howpublished = {\url{https://es.overleaf.com/learn/latex/List_of_Greek_letters_and_math_symbols}},
  note = {{Accedido: 2020-12-16}}
}
@misc{bib:math_symbols_subject,
  title = {List of mathematical symbols by subject},
  howpublished = {\url{https://en.wikipedia.org/wiki/List_of_mathematical_symbols_by_subject}},
  note = {{Accedido: 2020-12-16}}
}
@misc{bib:math_brackets,
  title = {{Brackets and Parentheses}},
  howpublished = {\url{https://www.overleaf.com/learn/latex/Brackets_and_Parentheses}},
  note = {{Accedido: 2020-12-16}}
}
@misc{bib:math_displaystyle,
  title = {{\textbackslash{}displaystyle - TeX Command}},
  howpublished = {\url{https://www.tutorialspoint.com/tex_commands/displaystyle.htm}},
  note = {{Accedido: 2020-12-18}}
}
@misc{bib:math_align,
  title = {{Aligning equations with amsmath}},
  howpublished = {\url{https://es.overleaf.com/learn/latex/Aligning_equations_with_amsmath}},
  note = {{Accedido: 2020-12-21}}
}
@misc{bib:overleaf_mathtools,
  title = {{Mathtools - for beautiful math}},
  howpublished = {\url{https://es.overleaf.com/learn/latex/Articles/Mathtools_-_for_beautiful_math}},
  note = {{Accedido: 2020-12-22}}
}
@misc{bib:math_cancel,
  title = {{The cancel package}},
  author = {Donald Arseneau},
  howpublished = {\url{http://ctan.math.washington.edu/tex-archive/macros/latex/contrib/cancel/cancel.pdf}},
  note = {{Accedido: 2020-12-22}}
}



% Bibliografía de capítulo: No tan básico.
@misc{bib:multicol_package,
  title = {{An environment for multicolumn output}},
  author = {Frank Mittelbach},
  howpublished = {\url{https://mirrors.rit.edu/CTAN/macros/latex/required/tools/multicol.pdf}},
  note = {{Accedido: 2021-01-02}}
}
@misc{bib:geometry_package,
  title = {{The geometry package}},
  author = {Hideo Umeki},
  howpublished = {\url{http://mirrors.ibiblio.org/CTAN/macros/latex/contrib/geometry/geometry.pdf}},
  note = {{Accedido: 2021-01-05}}
}
@misc{bib:xcolor_package,
  title = {{Extending LaTeX's color facilities: the xcolor package}},
  author = {Uwe Kern},
  howpublished = {\url{https://mirror.las.iastate.edu/tex-archive/macros/latex/contrib/xcolor/xcolor.pdf}},
  note = {{Accedido: 2021-01-05}}
}
@misc{bib:latex_colors,
  title = {{LaTeX/Colors}},
  howpublished = {\url{https://en.wikibooks.org/wiki/LaTeX/Colors#Examples}},
  note = {{Accedido: 2021-01-05}}
}
@misc{bib:xcolor_model,
  title = {{Understanding xcolor color mixing model}},
  howpublished = {\url{https://tex.stackexchange.com/a/34913}},
  note = {{Accedido: 2021-01-05}}
}
@misc{bib:overleaf_hyperref,
  title = {{Hyperlinks}},
  howpublished = {\url{https://www.overleaf.com/learn/latex/hyperlinks}},
  note = {{Accedido: 2021-01-05}}
}
@misc{bib:soulutf8_package,
  title = {{The soulutf8 package}},
  author = {Heiko Oberdiek},
  howpublished = {\url{https://mirrors.rit.edu/CTAN/macros/latex/contrib/soulutf8/soulutf8.pdf}},
  note = {{Accedido: 2021-01-05}}
}



% Bibliografía de capítulo: Código.
@misc{bib:listings_package,
  title = {{The Listings Package}},
  author = {Carsten Heinz and Brooks Moses and Jobst Hoffmann},
  howpublished = {\url{http://ctan.math.utah.edu/ctan/tex-archive/macros/latex/contrib/listings/listings.pdf}},
  note = {{Accedido: 2020-12-22}}
}
@misc{bib:listings_language,
  title = {Language, Style and Format drivers for Listings},
  howpublished = {\url{https://mirror.las.iastate.edu/tex-archive/macros/latex/contrib/listings/lstdrvrs.pdf}},
  note = {{Accedido: 2020-12-22}}
}
@misc{bib:listing_encoding,
  title = {{LaTeX/Source Code Listings}},
  howpublished = {\url{https://en.wikibooks.org/wiki/LaTeX/Source_Code_Listings}},
  note = {{Accedido: 2021-01-06}}
}
@misc{bib:quotes_listing,
  title = {How can I get straight double quotes in listings?},
  howpublished = {\url{https://tex.stackexchange.com/questions/166790/how-can-i-get-straight-double-quotes-in-listings}},
  note = {{Accedido: 2020-11-28}}
}
@misc{bib:error_lstlinebgrd,
  title = {{Recent issues with lstlinebgrd package with listings after the latter's update [September 02,2018]}},
  howpublished = {\url{https://tex.stackexchange.com/a/451538}},
  note = {{Accedido: 2020-12-14}}
}



% Bibliografía de capítulo: Referencias.
@misc{bib:apa,
  title = {{Publication Manual of the American Psychological Association, Seventh Edition (2020)}},
  howpublished = {\url{https://apastyle.apa.org/products/publication-manual-7th-edition}},
  note = {{Accedido: 2020-11-26}}
}
@misc{bib:bibtex,
  title = {{Your BibTeX resource}},
  howpublished = {\url{http://www.bibtex.org/}},
  note = {{Accedido: 2020-11-26}}
}
@misc{bib:overleaf_bibtex,
  title = {{Bibtex bibliography styles}},
  howpublished = {\url{https://www.overleaf.com/learn/latex/bibtex_bibliography_styles}},
  note = {{Accedido: 2021-01-12}}
}
@misc{bib:bibtex_types,
  title = {{The 14 BibTeX entry types}},
  howpublished = {\url{https://www.bibtex.com/e/entry-types/}},
  note = {{Accedido: 2021-01-12}}
}
@book{bib:latex_ingenieria,
  author="{Carlos Alberto} {Ramos López}",
  title="LaTeX para tesis de ingeniería",
  year="2021",
  publisher="Leanpub"
}
@masterthesis{bib:ejemplo_tesis,
  author="{Ramos López}, {Carlos Alberto}",
  title="{Diseño e Implementación de un Sistema basado en Nios II para la Captura y Procesamiento de Interferogramas en la Caracterización de MEMS}",
  year="2014",
  school="Universidad Autónoma de Ciudad Juárez"
}
@misc{bib:bibtex_fields,
  title = {{BibTeX field types}},
  howpublished = {\url{https://en.wikipedia.org/wiki/BibTeX#Field_types}},
  note = {{Accedido: 2021-01-12}}
}
@misc{bib:bibtex_espanol,
  title = {{Traducción al español de BibTeX}},
  author = {{Carlos Alberto} {Ramos López}},
  howpublished = {\url{http://ramoscarlos.com/bibtex-espanol/}},
  note = {{Accedido: 2021-01-12}}
}
@misc{bib:overleaf_biblatex,
  title = {{Bibliography management with biblatex}},
  howpublished = {\url{https://www.overleaf.com/learn/latex/bibliography_management_with_biblatex}},
  note = {{Accedido: 2021-01-12}}
}
% Bibliografía de ejemplo dentro del mismo capítulo.
@ARTICLE{bib:radar,
  author={P. A. {Rosen} and S. {Hensley} and I. R. {Joughin} and F. K. {Li} and S. N. {Madsen} and E. {Rodriguez} and R. M. {Goldstein}},
  journal={Proceedings of the IEEE},
  title={Synthetic aperture radar interferometry},
  year={2000},
  volume={88},
  number={3},
  pages={333-382},
  doi={10.1109/5.838084}
}



% Bibliografía de capítulo: Secciones adicionales.
@book{estudiosmexico,
   author = "OECD",
   title = "Higher Education in Mexico",
   year = "2019",
   pages = 224,
   url = "https://www.oecd-ilibrary.org/content/publication/9789264309432-en",
   doi = "https://doi.org/https://doi.org/10.1787/9789264309432-en"
}



% Bibliografía de capítulo: Formato del documento.
@misc{bib:fancyhdr,
  title = {{The fancyhdr and extramarks packages}},
  howpublished = {\url{http://mirrors.ibiblio.org/CTAN/macros/latex/contrib/fancyhdr/fancyhdr.pdf}},
  note = {{Accedido: 2021-01-15}},
  pages=19
}
@misc{bib:enumitem,
  title = {{Customizing lists with the enumitem package}},
  howpublished = {\url{https://ctan.math.illinois.edu/macros/latex/contrib/enumitem/enumitem.pdf}},
  note = {{Accedido: 2021-01-18}}
}
@misc{bib:titlesec,
  title = {{The titlesec, titleps and titletoc Packages}},
  howpublished = {\url{http://tug.ctan.org/tex-archive/macros/latex/contrib/titlesec/titlesec.pdf}},
  note = {{Accedido: 2021-01-19}}
}
@misc{bib:fncychap,
  title = {{FncyChap V1.34}},
  author = {Ulf A. Lindgren},
  howpublished = {\url{http://ctan.math.washington.edu/tex-archive/macros/latex/contrib/fncychap/fncychap.pdf}},
  note = {{Accedido: 2021-01-16}},
}
@misc{bib:catalogo_fuentes,
  title = {{The LaTeX Font Catalogue}},
  howpublished = {\url{https://tug.org/FontCatalogue/}},
  note = {{Accedido: 2021-01-27}},
}

% Bibliografía de capítulo: Márgenes, a fondo.